<record><leader>00000cas a22000007a 4500</leader><controlfield tag="001">18387109</controlfield><controlfield tag="008">880822d19711987ohuwr ne      0    0eng d</controlfield><datafield ind1=" " ind2=" " tag="010"><subfield code="a">sn 88077776 </subfield></datafield><datafield ind1=" " ind2=" " tag="040"><subfield code="a">ONP</subfield><subfield code="b">eng</subfield><subfield code="c">ONP</subfield><subfield code="d">OCLCQ</subfield></datafield><datafield ind1=" " ind2=" " tag="042"><subfield code="a">msc</subfield></datafield><datafield ind1="0" ind2=" " tag="130"><subfield code="a">Northwest news (Hilliard, Ohio)</subfield></datafield><datafield ind1="1" ind2="4" tag="245"><subfield code="a">The Northwest news.</subfield></datafield><datafield ind1=" " ind2=" " tag="260"><subfield code="a">Hilliard, Ohio :</subfield><subfield code="b">Robert W. Brown,</subfield><subfield code="c">1971-1987.</subfield></datafield><datafield ind1=" " ind2=" " tag="300"><subfield code="a">v.</subfield></datafield><datafield ind1=" " ind2=" " tag="310"><subfield code="a">Weekly,</subfield><subfield code="b">May 7, 1975-</subfield></datafield><datafield ind1=" " ind2=" " tag="321"><subfield code="a">Biweekly,</subfield><subfield code="b">June 10, 1971-May 1, 1975</subfield></datafield><datafield ind1="0" ind2=" " tag="362"><subfield code="a">Vol. 1, no. 1 (June 10, 1971)-v. 18, no. 5 (Sept. 28, 1987).</subfield></datafield><datafield ind1=" " ind2=" " tag="752"><subfield code="a">United States</subfield><subfield code="b">Ohio</subfield><subfield code="c">Franklin</subfield><subfield code="d">Hilliard.</subfield></datafield><datafield ind1="0" ind2="0" tag="785"><subfield code="t">Hilliard northwest news</subfield><subfield code="w">(DLC)sn 91069218</subfield></datafield></record>